<?xml version="1.0" encoding="UTF-8"?><record xmlns="http://www.loc.gov/MARC21/slim" xmlns:cinclude="http://apache.org/cocoon/include/1.0" xmlns:zs="http://www.loc.gov/zing/srw/">
  <leader>00820nz  a2200205n  4500</leader>
  <controlfield tag="001">nr2002008510</controlfield>
  <controlfield tag="003">DLC</controlfield>
  <controlfield tag="005">20020228062654.0</controlfield>
  <controlfield tag="008">020227n| acaaaaaan          |a ana      </controlfield>
  <datafield tag="010" ind1=" " ind2=" ">
    <subfield code="a">nr2002008510</subfield>
  </datafield>
  <datafield tag="040" ind1=" " ind2=" ">
    <subfield code="a">DLC-R</subfield>
    <subfield code="b">eng</subfield>
    <subfield code="c">DLC-R</subfield>
  </datafield>
  <datafield tag="130" ind1=" " ind2="0">
    <subfield code="a">Tōkyō Toritsu Daigaku kōkogaku hōkoku</subfield>
  </datafield>
  <datafield tag="410" ind1="2" ind2=" ">
    <subfield code="a">Tōkyō Toritsu Daigaku.</subfield>
    <subfield code="t">Tōkyō Toritsu Daigaku kōkogaku hōkoku</subfield>
  </datafield>
  <datafield tag="430" ind1=" " ind2="0">
    <subfield code="a">Tokyo Metropolitan University occasional papers of archaeology</subfield>
  </datafield>
  <datafield tag="642" ind1=" " ind2=" ">
    <subfield code="a">1</subfield>
    <subfield code="5">DPCC</subfield>
    <subfield code="5">DLC-R</subfield>
  </datafield>
  <datafield tag="643" ind1=" " ind2=" ">
    <subfield code="a">Tōkyō-to Hachiōji-shi</subfield>
    <subfield code="b">Mattobara Iseki Hakkutsu Chōsadan</subfield>
  </datafield>
  <datafield tag="644" ind1=" " ind2=" ">
    <subfield code="a">f</subfield>
    <subfield code="5">DLC-R</subfield>
  </datafield>
  <datafield tag="645" ind1=" " ind2=" ">
    <subfield code="a">t</subfield>
    <subfield code="5">DPCC</subfield>
    <subfield code="5">DLC-R</subfield>
  </datafield>
  <datafield tag="646" ind1=" " ind2=" ">
    <subfield code="a">s</subfield>
    <subfield code="5">DLC-R</subfield>
  </datafield>
  <datafield tag="670" ind1=" " ind2=" ">
    <subfield code="a">Mattobara iseki II, 1997:</subfield>
    <subfield code="b">cover (Tōkyō Toritsu Daigaku kōkogaku hōkoku) cover p. 4 (Tokyo Metropolitan University occasional papers of archaeology ; number 1)</subfield>
  </datafield>
</record>